<record><leader>00000cas a2200000 a 4500</leader><controlfield tag="001">9030104</controlfield><controlfield tag="008">821208d19061971ohuwr ne      0   a0eng d</controlfield><datafield ind1=" " ind2=" " tag="010"><subfield code="a">sn 87076635 </subfield></datafield><datafield ind1=" " ind2=" " tag="040"><subfield code="a">BGU</subfield><subfield code="b">eng</subfield><subfield code="c">BGU</subfield><subfield code="d">ONP</subfield><subfield code="d">OCL</subfield><subfield code="d">OCLCQ</subfield></datafield><datafield ind1=" " ind2=" " tag="042"><subfield code="a">msc</subfield></datafield><datafield ind1=" " ind2=" " tag="043"><subfield code="a">n-us-oh</subfield></datafield><datafield ind1="0" ind2="4" tag="245"><subfield code="a">The Arlingtonian.</subfield></datafield><datafield ind1=" " ind2=" " tag="260"><subfield code="a">Arlington, Ohio :</subfield><subfield code="b">C.C. Longworth,</subfield><subfield code="c">-1971.</subfield></datafield><datafield ind1=" " ind2=" " tag="300"><subfield code="a">v. :</subfield><subfield code="b">ill. ;</subfield><subfield code="c">46 cm.</subfield></datafield><datafield ind1=" " ind2=" " tag="310"><subfield code="a">Weekly</subfield></datafield><datafield ind1="1" ind2=" " tag="362"><subfield code="a">Began in 1906.</subfield><subfield code="z">Cf. Guide to Ohio newspapers, 1976.</subfield></datafield><datafield ind1="0" ind2=" " tag="362"><subfield code="a">-v. 66, no. 17 (Aug. 26, 1971).</subfield></datafield><datafield ind1=" " ind2=" " tag="588"><subfield code="a">Description based on: Vol. 23, no. 16 (June 5, 1929).</subfield></datafield><datafield ind1=" " ind2=" " tag="752"><subfield code="a">United States</subfield><subfield code="b">Ohio</subfield><subfield code="c">Hancock</subfield><subfield code="d">Arlington.</subfield></datafield><datafield ind1="0" ind2="0" tag="785"><subfield code="t">Hancock County record</subfield></datafield><datafield ind1="1" ind2=" " tag="029"><subfield code="a">AU@</subfield><subfield code="b">000020481773</subfield></datafield></record>